<?xml version="1.0" encoding="UTF-8"?><collection xmlns="http://www.loc.gov/MARC21/slim"><record><leader>00416nam--2200145-i-4500</leader><controlfield tag="001">000001066</controlfield><controlfield tag="002">20161230</controlfield><controlfield tag="005">20161230201024</controlfield><controlfield tag="008">060222s1000------------r-----000-0-eng-d</controlfield><datafield ind1=" " ind2=" " tag="080"><subfield code="a">515.143(043)</subfield></datafield><datafield ind1=" " ind2=" " tag="100"><subfield code="a">Hendriks, Harrie</subfield></datafield><datafield ind1=" " ind2=" " tag="245"><subfield code="a">Sur les equivalences d homotopie en dimension 3.thesis</subfield></datafield><datafield ind1=" " ind2=" " tag="260"><subfield code="a">Paris, Orsay, L Universite Paris Sud, 1975. 109 P</subfield></datafield><datafield ind1=" " ind2=" " tag="852"><subfield code="a">43949</subfield><subfield code="c">513.83</subfield></datafield><datafield ind1=" " ind2=" " tag="CAT"><subfield code="a">Sys</subfield><subfield code="c">20080609</subfield><subfield code="h">102048</subfield></datafield></record></collection>